<?xml version="1.0" encoding="UTF-8"?><collection xmlns="http://www.loc.gov/MARC21/slim"><record><leader>00375nam--2200133-i-4500</leader><controlfield tag="001">000028315</controlfield><controlfield tag="002">20161230</controlfield><controlfield tag="005">20161230201037</controlfield><controlfield tag="008">060222s1000------------r-----000-0-eng-d</controlfield><datafield ind1=" " ind2=" " tag="080"><subfield code="a">550.344.094.4:550.834.01</subfield></datafield><datafield ind1=" " ind2=" " tag="100"><subfield code="a">Kennett, B.L.N</subfield></datafield><datafield ind1=" " ind2=" " tag="245"><subfield code="a">Seismic wave propagation in stratified media</subfield></datafield><datafield ind1=" " ind2=" " tag="260"><subfield code="a">Cambridge, Cambridge University Press, 1983. Viii+339p</subfield></datafield><datafield ind1=" " ind2=" " tag="852"><subfield code="a">71044</subfield></datafield></record></collection>